<collection xmlns="http://www.loc.gov/MARC21/slim">
<record>
  <leader>01021nam0a22002171i 450 </leader>
  <controlfield tag="001">IT\ICCU\CNCE\061092</controlfield>
  <controlfield tag="005">20050908000000.0</controlfield>
  <datafield tag="012" ind1=" " ind2=" ">
    <subfield code="a">t,ne paam uter a-no (C) 1523 (T)</subfield>
    <subfield code="2">fei</subfield>
  </datafield>
  <datafield tag="100" ind1=" " ind2=" ">
    <subfield code="a">20050905d1523        0itac0103    ba</subfield>
  </datafield>
  <datafield tag="101" ind1=" " ind2=" ">
    <subfield code="a">LAT</subfield>
  </datafield>
  <datafield tag="102" ind1=" " ind2=" ">
    <subfield code="a">IT</subfield>
  </datafield>
  <datafield tag="200" ind1="1" ind2=" ">
    <subfield code="a">Bulla Induciarum seu Treugarum triennalium inter omnes christianos reges &amp; principes: per S. D. N. Adrianum papam. 6. sub censuris &amp; penis ecclesiasticis indictarum</subfield>
  </datafield>
  <datafield tag="210" ind1=" " ind2=" ">
    <subfield code="a">Datum Romae</subfield>
    <subfield code="c">apud sanctum Petrum</subfield>
    <subfield code="d">pridie kal. Maii</subfield>
    <subfield code="d">1525</subfield>
  </datafield>
  <datafield tag="215" ind1=" " ind2=" ">
    <subfield code="a">\4! c.</subfield>
    <subfield code="d"></subfield>
  </datafield>
  <datafield tag="300" ind1=" " ind2=" ">
    <subfield code="a">ANNULLATA  !!!!!  43459((Segn.: A4. - Stemma di papa Adriano 6. sul front</subfield>
  </datafield>
  <datafield tag="700" ind1=" " ind2="0">
    <subfield code="a">Hadrianus</subfield>
    <subfield code="c"> &lt;papa</subfield>
    <subfield code="c"> ; 6.&gt;</subfield>
    <subfield code="3">IT\ICCU\CNCA\006455</subfield>
  </datafield>
  <datafield tag="790" ind1=" " ind2="0">
    <subfield code="a">Adriano</subfield>
    <subfield code="c"> &lt;papa</subfield>
    <subfield code="c"> ; 6.&gt;</subfield>
    <subfield code="3">IT\ICCU\CNCA\012340</subfield>
    <subfield code="z">Hadrianus &lt;papa ; 6.&gt;</subfield>
  </datafield>
  <datafield tag="790" ind1=" " ind2="1">
    <subfield code="a">Florensz,</subfield>
    <subfield code="b">Adrian</subfield>
    <subfield code="3">IT\ICCU\CNCA\014161</subfield>
    <subfield code="z">Hadrianus &lt;papa ; 6.&gt;</subfield>
  </datafield>
  <datafield tag="790" ind1=" " ind2="1">
    <subfield code="a">Florisz,</subfield>
    <subfield code="b">Adrian</subfield>
    <subfield code="3">IT\ICCU\CNCA\014166</subfield>
    <subfield code="z">Hadrianus &lt;papa ; 6.&gt;</subfield>
  </datafield>
  <datafield tag="801" ind1=" " ind2="3">
    <subfield code="a">IT</subfield>
    <subfield code="b">ICCU</subfield>
    <subfield code="c">20201115</subfield>
  </datafield>
  <datafield tag="899" ind1=" " ind2=" ">
    <subfield code="a">Biblioteca consorziale di Viterbo. Viterbo</subfield>
    <subfield code="1">VT0116</subfield>
    <subfield code="2">RMS B3</subfield>
  </datafield>
</record>
</collection>
